@book{clifton2012advanced,
  title={Advanced web metrics with Google Analytics},
  author={Clifton, Brian},
  year={2012},
  publisher={John Wiley \& Sons}
}

@book{ghemawat2003google,
  title={The Google file system},
  author={Ghemawat, Sanjay and Gobioff, Howard and Leung, Shun-Tak},
  volume={37},
  number={5},
  year={2003},
  publisher={ACM}
}

@book{flanagan2006javascript,
  title={JavaScript: the definitive guide},
  author={Flanagan, David},
  year={2006},
  publisher={" O'Reilly Media, Inc"}
}


@article{plaza2011google,
  title={Google Analytics for measuring website performance},
  author={Plaza, Beatriz},
  journal={Tourism Management},
  volume={32},
  number={3},
  pages={477--481},
  year={2011},
  publisher={Elsevier}
}
